@article{nndown,
author = {Benediktsson, J. A. and SWAIN, P. H. and ERSOY, O. K.},
title = {Conjugate-gradient neural networks in classification of multisource and very-high-dimensional remote sensing data},
journal = {International Journal of Remote Sensing},
volume = {14},
number = {15},
pages = {2883-2903},
year = {1993},
doi = {10.1080/01431169308904316},

URL = { 
        http://www.tandfonline.com/doi/abs/10.1080/01431169308904316
    								
},
eprint = { 
        http://www.tandfonline.com/doi/pdf/10.1080/01431169308904316
    }
}

@article{svmbinary,
year={1995},
issn={0885-6125},
journal={Machine Learning},
volume={20},
number={3},
doi={10.1007/BF00994018},
title={Support-vector networks},
url={http://dx.doi.org/10.1007/BF00994018},
publisher={Kluwer Academic Publishers},
keywords={pattern recognition; efficient learning algorithms; neural networks; radial basis function classifiers; polynomial classifiers},
author={Cortes, Corinna and Vapnik, Vladimir},
pages={273-297},
language={English}
}

@article{kmeans,
address = "Berkeley, Calif.",
author = "MacQueen, J.",
booktitle = "Proceedings of the Fifth Berkeley Symposium on Mathematical Statistics and Probability, Volume 1: Statistics",
pages = "281--297",
publisher = "University of California Press",
title = "Some methods for classification and analysis of multivariate observations",
url = "http://projecteuclid.org/euclid.bsmsp/1200512992",
year = "1967"
}

@article{kdtree,
 author = {Bentley, Jon Louis},
 title = {Multidimensional Binary Search Trees Used for Associative Searching},
 journal = {Commun. ACM},
 issue_date = {Sept. 1975},
 volume = {18},
 number = {9},
 month = sep,
 year = {1975},
 issn = {0001-0782},
 pages = {509--517},
 numpages = {9},
 url = {http://doi.acm.org/10.1145/361002.361007},
 doi = {10.1145/361002.361007},
 acmid = {361007},
 publisher = {ACM},
 address = {New York, NY, USA},
 keywords = {associative retrieval, attribute, binary search trees, binary tree insertion, information retrieval system, intersection queries, key, nearest neighbor queries, partial match queries},
}
@article { breastcancer,
  author = "W Wolberg and O Mangasarian",
  title = "Multisurface method of pattern separation for medical diagnosis applied to breast cytology,",
  pages = "9193--9196",
  month = "Dec",
  year = "1990",
  booktitle = "Proceedings of the National Academy of Sciences",
}

@misc{wisconsin,
author = "M. Lichman",
year = "2013",
title = "{UCI} Machine Learning Repository",
url = "http://archive.ics.uci.edu/ml",
institution = "University of California, Irvine, School of Information and Computer Sciences" }

@article{olivetti,
year={2006},
isbn={978-3-540-37271-4},
booktitle={Intelligent Computing},
volume={4113},
series={Lecture Notes in Computer Science},
editor={Huang, De-Shuang and Li, Kang and Irwin, GeorgeWilliam},
doi={10.1007/11816157_13},
title={Hidden Markov Models for Recognition Using Artificial Neural Networks},
url={http://dx.doi.org/10.1007/11816157_13},
publisher={Springer Berlin Heidelberg},
author={Bevilacqua, V. and Mastronardi, G. and Pedone, A. and Romanazzi, G. and Daleno, D.},
pages={126-134},
language={English}
}

@article{sklearn,
 title={Scikit-learn: Machine Learning in {P}ython},
 author={Pedregosa, F. and Varoquaux, G. and Gramfort, A. and Michel, V.
         and Thirion, B. and Grisel, O. and Blondel, M. and Prettenhofer, P.
         and Weiss, R. and Dubourg, V. and Vanderplas, J. and Passos, A. and
         Cournapeau, D. and Brucher, M. and Perrot, M. and Duchesnay, E.},
 journal={Journal of Machine Learning Research},
 volume={12},
 pages={2825--2830},
 year={2011}
}
@book{proto,
author = {George Lakoff},
editor = {The University of Chicago Press},
title = {Women, Fire, and Dangerous Things},
publisher = {The University of Chicago Press},
year = {1987},
OPTkey = {0-226-46804-6}
}
