@incollection{
year={2006},
isbn={978-3-540-37271-4},
booktitle={Intelligent Computing},
volume={4113},
series={Lecture Notes in Computer Science},
editor={Huang, De-Shuang and Li, Kang and Irwin, GeorgeWilliam},
doi={10.1007/11816157_13},
title={Hidden Markov Models for Recognition Using Artificial Neural Networks},
url={http://dx.doi.org/10.1007/11816157_13},
publisher={Springer Berlin Heidelberg},
author={Bevilacqua, V. and Mastronardi, G. and Pedone, A. and Romanazzi, G. and Daleno, D.},
pages={126-134},
language={English}
}
